@book{MacLane,
    title={Categories for the Working Mathematician (2nd ed)},
    author={Saunders Mac Lane},
    isbn={0-387-98403-8},
    series={Graduate Texts in Mathematics},
    year={1978},
    publisher={Springer}
}

@book{TaiDanae,
  author         = {Tai-Danae Bradley et al},
  isbn           = {9780262539357},
  publisher      = {The MIT Press},
  title          = {Topology: a Categorical Approach},
  year           = {2020}
}

@article{RealUniqueness,
 ISSN = {00029947},
 URL = {http://www.jstor.org/stable/1986269},
 author = {Edward V. Huntington},
 journal = {Transactions of the American Mathematical Society},
 number = {3},
 pages = {358--370},
 publisher = {American Mathematical Society},
 title = {Complete Sets of Postulates for the Theory of Real Quantities},
 urldate = {2024-05-09},
 volume = {4},
 year = {1903}
}