@book{Fremlin2000,
  title={Measure Theory},
  author={Fremlin, D.H.},
  number={v. 1-4},
  isbn={9780953812905},
  series={Measure theory},
  year={2000},
  publisher={Torres Fremlin}
}

@book{EvansGariepy1991,
  title={Measure Theory and Fine Properties of Functions},
  author={Evans, L.C. and Gariepy, R.F.},
  isbn={9780849371578},
  lccn={91030277},
  series={Studies in Advanced Mathematics},
  year={1991},
  publisher={Taylor \& Francis}
}