@book{MacLane1978,
    title={Categories for the Working Mathematician (2nd ed)},
    author={Saunders MacLane},
    isbn={0-387-98403-8},
    series={Graduate Texts in Mathematics},
    year={1978},
    publisher={Springer}
}

@book{Awodey2010,
author = {Awodey, Steve},
title = {Category Theory},
year = {2010},
isbn = {0199237182},
publisher = {Oxford University Press, Inc.},
address = {USA},
edition = {2nd}
}

@book{TaiDanae2020,
  author         = {Tai-Danae Bradley et al},
  isbn           = {9780262539357},
  publisher      = {The MIT Press},
  title          = {Topology: a Categorical Approach},
  year           = {2020}
}

@book{Riehl2017,
	series = {Aurora: {Dover} modern math originals},
	title = {Category theory in context},
	isbn = {978-0-486-82080-4},
	publisher = {Dover Publications},
	author = {Riehl, E.},
	year = {2017},
}
@InProceedings{MacLane1969,
author="Mac Lane, Saunders",
title="One universe as a foundation for category theory",
booktitle="Reports of the Midwest Category Seminar III",
year="1969",
publisher="Springer Berlin Heidelberg",
address="Berlin, Heidelberg",
pages="192--200",
isbn="978-3-540-36150-3"
}
