@book{moretti2020,
  title={Meccanica Analitica: Meccanica Classica, Meccanica Lagrangiana e Hamiltoniana e Teoria della Stabilit√†},
  author={Moretti, V.},
  isbn={9788847039988},
  series={UNITEXT},
  url={https://books.google.it/books?id=B5XyDwAAQBAJ},
  year={2020},
  publisher={Springer Milan}
}