@book{AALM,
author = {Francesca Angrisani and Giacomo Ascione and Chiara Leone and Carlo Mantegazza},
year = {2019},
title = {Appunti di Calcolo delle Variazioni}
}

@book{Dac,
author = {Bernard Dacorogna},
year = {2009},
title = {Introduction to the Calculus of Variations}
}

@book{BGH,
  author = {Giuseppe Buttazzo and Mariano Giaquinta and Stefan Hildebrandt},
  year = {1999},
  title = {One-dimensional Variational Problems}
}

@book{GH,
  author = {Mariano Giaquinta and Stefan Hildebrandt},
  year = {2004},
  title = {Calculus of Variations I}
}

@book{Bre,
  author = {Haim Brezis},
  year = {2011},
  title = {Functional Analysis, Sobolev Spaces and Partial Differential Equations}
}