@article{BAINBRIDGE199035,
title = {Functorial polymorphism},
journal = {Theoretical Computer Science},
volume = {70},
number = {1},
pages = {35-64},
year = {1990},
note = {Special Issue Fourth Workshop on Mathematical Foundations of Programming Semantics, Boulder, CO, May 1988},
issn = {0304-3975},
doi = {https://doi.org/10.1016/0304-3975(90)90151-7},
url = {https://www.sciencedirect.com/science/article/pii/0304397590901517},
author = {E.S. Bainbridge and P.J. Freyd and A. Scedrov and P.J. Scott}
}

@book{MacLane1978,
    title={Categories for the Working Mathematician (2nd ed)},
    author={Saunders MacLane},
    isbn={0-387-98403-8},
    series={Graduate Texts in Mathematics},
    year={1978},
    publisher={Springer}
}

@book{Awodey2010,
author = {Awodey, Steve},
title = {Category Theory},
year = {2010},
isbn = {0199237182},
publisher = {Oxford University Press, Inc.},
address = {USA},
edition = {2nd}
}

@book{TaiDanae2020,
  author         = {Tai-Danae Bradley et al},
  isbn           = {9780262539357},
  publisher      = {The MIT Press},
  title          = {Topology: a Categorical Approach},
  year           = {2020}
}

@book{Riehl2017,
	series = {Aurora: {Dover} modern math originals},
	title = {Category theory in context},
	isbn = {978-0-486-82080-4},
	publisher = {Dover Publications},
	author = {Riehl, E.},
	year = {2017},
}

@book{SGA4,
    author = "Grothendieck, Alexander and Verdier, Jean-Louis",
    title = "Theorie des Topos et Cohomologie Etale des Schemas. Seminaire de Geometrie Algebrique du Bois-Marie",
    publisher = "Springer",
    year = "1972",
    series = "Lecture Notes in Mathematics"
}